@article{szegedy2013intriguing,
  title={Intriguing properties of neural networks},
  author={Szegedy, Christian and Zaremba, Wojciech and Sutskever, Ilya and Bruna, Joan and Erhan, Dumitru and Goodfellow, Ian and Fergus, Rob},
  journal={arXiv preprint arXiv:1312.6199},
  year={2013}
}

@article{forsberg2005labelled,
  title={The labelled {BNF} grammar formalism},
  author={Forsberg, Markus and Ranta, Aarne},
  journal={Department of Computing Science, Chalmers University of Technology and the University of Gothenburg},
  year={2005},
  url={https://bnfc.digitalgrammars.com/LBNF-report.pdf}
}
